@inproceedings{Viola2001RapidOD,
  title={Rapid Object Detection using a Boosted Cascade of Simple Features},
  author={Paul A. Viola and Michael J. Jones},
  booktitle={CVPR},
  year={2001}
}

@inproceedings{Cen2016StudyOV,
  title={Study of Viola-Jones Real Time Face Detector},
  author={Kaiqi Cen},
  year={2016}
}

@MISC{IntegralImage1_web,
  title={Computer Vision â€“ Face Detection},
  author={Anurag Jain},
  url={https://vinsol.com/blog/2016/06/28/computer-vision-face-detection/},
  year={2016}
}